% Seminar on Network Security, BiBTeX template 
% Example entries 

% Start of Bintang's reference
@inproceedings{hermann2016design,
  title={Design principles for industrie 4.0 scenarios},
  author={Hermann, Mario and Pentek, Tobias and Otto, Boris},
  booktitle={System Sciences (HICSS), 2016 49th Hawaii International Conference on},
  pages={3928--3937},
  year={2016},
  organization={IEEE}
}

@inproceedings{malakuti2018architectural,
	title={Architectural aspects of digital twins in IIoT systems},
	author={Malakuti, Somayeh and Gr{\"u}ner, Sten},
	booktitle={Proceedings of the 12th European Conference on Software Architecture: Companion Proceedings},
	pages={12},
	year={2018},
	organization={ACM}
}

@misc{Cheatshe3:online,
	author = {Matthew Mikkel and Jen Clark},
	title = {Cheat sheet: What is Digital Twin? Internet of Things blog},
	howpublished = {\url{https://www.ibm.com/blogs/internet-of-things/iot-cheat-sheet-digital-twin/}},
	month = {January},
	year = {2018},
	note = {(Accessed on 01/30/2019)}
}

@inproceedings{bienhaus2017patterns,
	title={Patterns for the industrial Internet/Industrie 4.0},
	author={Bienhaus, Diethelm},
	booktitle={Proceedings of the 22nd European Conference on Pattern Languages of Programs},
	pages={17},
	year={2017},
	organization={ACM}
}

% End of Bintang's reference

%%%%%%%%%%%%%%%%%%%%%%%%%%%%%%%%%%%%%%%%%%%%%%%%%%%%%%
% The most common BiBTeX entry types
%
%    * Article: An article from a journal or magazine.
% 
%    * Book:  A book with an explicit publisher.
%
%    * Booklet:  A work that is printed and bound, but without 
%               a named publisher or sponsoring institution.
%
%    * Conference: An article in the proceedings of a conference. 
%                  This entry is identical to the 'inproceedings' 
%                  entry and is included for compatibility with another 
%                  text formatting system.
%
%    * Inbook: A part of a book, which may be a chapter and/or a 
%              range of pages.
%
%    * Incollection: A part of a book having its own title.
%
%    * Inproceedings: An article in a conference proceedings.
%
%    * Manual: Technical documentation.
%
%    * Mastersthesis: A Master's thesis.
%
%    * Misc: This is used when other entries do not fit.
%
%    * Phdthesis: A PhD thesis.
%
%    * Proceedings: The proceedings of a conference.
%
%    * Techreport: A report published by a school or other institution, 
%                  usually numbered within a series.
%
%    * Unpublished: A document having an author and title, but not 
%                   formally published.
%
%
% There are a huge number of BiBTeX guides online, more or less official.
